% orthogonal_transformation
@inproceedings{DBLP:conf/ijcnn/LiYR18,
  author    = {Junxuan Li and
               Shaodi You and
               Antonio Robles{-}Kelly},
  title     = {A Frequency Domain Neural Network for Fast Image Super-resolution},
  booktitle = {2018 International Joint Conference on Neural Networks, 2018,
               Rio de Janeiro, Brazil, July 8-13, 2018},
  pages     = {1--8},
  year      = {2018}}
  
  @inproceedings{DBLP:conf/cvpr/RamamonjisoaFWL21,
  author    = {Micha{\"{e}}l Ramamonjisoa and
               Michael Firman and
               Jamie Watson and
               Vincent Lepetit and
               Daniyar Turmukhambetov},
  title     = {Single Image Depth Prediction With Wavelet Decomposition},
  booktitle = {{IEEE} Conference on Computer Vision and Pattern Recognition, 
               2021, virtual, June 19-25, 2021},
  pages     = {11089--11098},
  year      = {2021},
}

@inproceedings{DBLP:conf/eccv/QiuYFF22,
  author    = {Zhongwei Qiu and
               Huan Yang and
               Jianlong Fu and
               Dongmei Fu},
  title     = {Learning Spatiotemporal Frequency-Transformer for Compressed Video
               Super-Resolution},
  booktitle = {Computer Vision - {ECCV} 2022 - 17th European Conference, Tel Aviv,
               Israel, October 23-27, 2022, Proceedings, Part {XVIII}},
  series    = {Lecture Notes in Computer Science},
  volume    = {13678},
  pages     = {257--273},
  year      = {2022},
}

% image enhancement

@article{kim1997contrast,
  title={Contrast enhancement using brightness preserving bi-histogram equalization},
  author={Kim, Yeong-Taeg},
  journal={IEEE transactions on Consumer Electronics},
  volume={43},
  number={1},
  pages={1--8},
  year={1997},
}

@article{DBLP:journals/tce/WangCZ99,
  author    = {Yu Wang and
               Qian Chen and
               Baeomin Zhang},
  title     = {Image enhancement based on equal area dualistic sub-image histogram
               equalization method},
  journal   = {{IEEE} Trans. Consumer Electron.},
  volume    = {45},
  number    = {1},
  pages     = {68--75},
  year      = {1999},
}

@article{pizer1987adaptive,
  title={Adaptive histogram equalization and its variations},
  author={Pizer, Stephen M and Amburn, E Philip and Austin, John D and Cromartie, Robert and Geselowitz, Ari and Greer, Trey and ter Haar Romeny, Bart and Zimmerman, John B and Zuiderveld, Karel},
  journal={Computer vision, graphics, and image processing},
  volume={39},
  number={3},
  pages={355--368},
  year={1987},
}

@article{DBLP:journals/jdi/PisanoZHDJMBP98,
  author    = {Etta D. Pisano and
               Shuquan Zong and
               Bradley M. Hemminger and
               Marla DeLuca and
               R. Eugene Johnston and
               Keith E. Muller and
               M. Patricia Braeuning and
               Stephen M. Pizer},
  title     = {Contrast Limited Adaptive Histogram Equalization image processing
               to improve the detection of simulated spiculations in dense mammograms},
  journal   = {J. Digit. Imaging},
  volume    = {11},
  number    = {4},
  pages     = {193--200},
  year      = {1998},
}

@article{DBLP:journals/tog/BennettM05,
  author    = {Eric P. Bennett and
               Leonard McMillan},
  title     = {Video enhancement using per-pixel virtual exposures},
  journal   = {{ACM} Trans. Graph.},
  volume    = {24},
  number    = {3},
  pages     = {845--852},
  year      = {2005},
}

@inproceedings{DBLP:conf/eccv/Yuan012,
  author    = {Lu Yuan and
               Jian Sun},
  editor    = {Andrew W. Fitzgibbon and
               Svetlana Lazebnik and
               Pietro Perona and
               Yoichi Sato and
               Cordelia Schmid},
  title     = {Automatic Exposure Correction of Consumer Photographs},
  booktitle = {Computer Vision - {ECCV} 2012 - 12th European Conference on Computer
               Vision, Florence, Italy, October 7-13, 2012, Proceedings, Part {IV}},
  series    = {Lecture Notes in Computer Science},
  volume    = {7575},
  pages     = {771--785},
  year      = {2012},
}

@article{land1971lightness,
  title={Lightness and retinex theory},
  author={Land, Edwin H and McCann, John J},
  journal={Josa},
  volume={61},
  number={1},
  pages={1--11},
  year={1971},
}

@article{DBLP:journals/tip/JobsonRW97a,
  author    = {Daniel J. Jobson and
               Zia{-}ur Rahman and
               Glenn A. Woodell},
  title     = {A multiscale retinex for bridging the gap between color images and
               the human observation of scenes},
  journal   = {{IEEE} Trans. Image Process.},
  volume    = {6},
  number    = {7},
  pages     = {965--976},
  year      = {1997},
}

@article{DBLP:journals/tip/LiLYSG18,
  author    = {Mading Li and
               Jiaying Liu and
               Wenhan Yang and
               Xiaoyan Sun and
               Zongming Guo},
  title     = {Structure-Revealing Low-Light Image Enhancement Via Robust Retinex
               Model},
  journal   = {{IEEE} Trans. Image Process.},
  volume    = {27},
  number    = {6},
  pages     = {2828--2841},
  year      = {2018},
}

@article{DBLP:journals/tip/GuoLL17,
  author    = {Xiaojie Guo and
               Yu Li and
               Haibin Ling},
  title     = {{LIME:} Low-Light Image Enhancement via Illumination Map Estimation},
  journal   = {{IEEE} Trans. Image Process.},
  volume    = {26},
  number    = {2},
  pages     = {982--993},
  year      = {2017},
}

@article{DBLP:journals/tog/XuYXJ12,
  author    = {Li Xu and
               Qiong Yan and
               Yang Xia and
               Jiaya Jia},
  title     = {Structure extraction from texture via relative total variation},
  journal   = {{ACM} Trans. Graph.},
  volume    = {31},
  number    = {6},
  pages     = {139:1--139:10},
  year      = {2012},
}

@inproceedings{DBLP:conf/mm/ZhangYXZZ18,
  author    = {Qing Zhang and
               Ganzhao Yuan and
               Chunxia Xiao and
               Lei Zhu and
               Wei{-}Shi Zheng},
  editor    = {Susanne Boll and
               Kyoung Mu Lee and
               Jiebo Luo and
               Wenwu Zhu and
               Hyeran Byun and
               Chang Wen Chen and
               Rainer Lienhart and
               Tao Mei},
  title     = {High-Quality Exposure Correction of Underexposed Photos},
  booktitle = {2018 {ACM} Multimedia Conference on Multimedia Conference, {MM} 2018,
               Seoul, Republic of Korea, October 22-26, 2018},
  pages     = {582--590},
  year      = {2018},
}

@article{DBLP:journals/tmm/ZhangNZXZ21,
  author    = {Qing Zhang and
               Yongwei Nie and
               Lei Zhu and
               Chunxia Xiao and
               Wei{-}Shi Zheng},
  title     = {Enhancing Underexposed Photos Using Perceptually Bidirectional Similarity},
  journal   = {{IEEE} Trans. Multim.},
  volume    = {23},
  pages     = {189--202},
  year      = {2021},
}

@article{DBLP:journals/corr/abs-1711-02488,
  author    = {Liang Shen and
               Zihan Yue and
               Fan Feng and
               Quan Chen and
               Shihao Liu and
               Jie Ma},
  title     = {MSR-net: Low-light Image Enhancement Using Deep Convolutional Network},
  journal   = {CoRR},
  volume    = {abs/1711.02488},
  year      = {2017},  
}

@article{DBLP:journals/prl/LiGPP18,
  author    = {Chongyi Li and
               Jichang Guo and
               Fatih Porikli and
               Yanwei Pang},
  title     = {LightenNet: {A} Convolutional Neural Network for weakly illuminated
               image enhancement},
  journal   = {Pattern Recognit. Lett.},
  volume    = {104},
  pages     = {15--22},
  year      = {2018},
}

@article{DBLP:journals/pr/LoreAS17,
  author    = {Kin Gwn Lore and
               Adedotun Akintayo and
               Soumik Sarkar},
  title     = {LLNet: {A} deep autoencoder approach to natural low-light image enhancement},
  journal   = {Pattern Recognit.},
  volume    = {61},
  pages     = {650--662},
  year      = {2017},
}

@inproceedings{DBLP:conf/mm/FanWY020,
  author    = {Minhao Fan and
               Wenjing Wang and
               Wenhan Yang and
               Jiaying Liu},
  editor    = {Chang Wen Chen and
               Rita Cucchiara and
               Xian{-}Sheng Hua and
               Guo{-}Jun Qi and
               Elisa Ricci and
               Zhengyou Zhang and
               Roger Zimmermann},
  title     = {Integrating Semantic Segmentation and Retinex Model for Low-Light
               Image Enhancement},
  booktitle = {{MM} '20: The 28th {ACM} International Conference on Multimedia, Virtual
               Event / Seattle, WA, USA, October 12-16, 2020},
  pages     = {2317--2325},
  year      = {2020},
}

@inproceedings{DBLP:conf/aaai/ZhuPCY20,
  author    = {Minfeng Zhu and
               Pingbo Pan and
               Wei Chen and
               Yi Yang},
  title     = {{EEMEFN:} Low-Light Image Enhancement via Edge-Enhanced Multi-Exposure
               Fusion Network},
  booktitle = {The Thirty-Fourth {AAAI} Conference on Artificial Intelligence, {AAAI}
               2020, The Thirty-Second Innovative Applications of Artificial Intelligence
               Conference, {IAAI} 2020, The Tenth {AAAI} Symposium on Educational
               Advances in Artificial Intelligence, {EAAI} 2020, New York, NY, USA,
               February 7-12, 2020},
  pages     = {13106--13113},
  year      = {2020},
}

@article{DBLP:journals/tmm/Lim021,
  author    = {Seokjae Lim and
               Wonjun Kim},
  title     = {{DSLR:} Deep Stacked Laplacian Restorer for Low-Light Image Enhancement},
  journal   = {{IEEE} Trans. Multim.},
  volume    = {23},
  pages     = {4272--4284},
  year      = {2021},
}

@inproceedings{DBLP:conf/cvpr/0010YYL20,
  author    = {Ke Xu and
               Xin Yang and
               Baocai Yin and
               Rynson W. H. Lau},
  title     = {Learning to Restore Low-Light Images via Decomposition-and-Enhancement},
  booktitle = {2020 {IEEE/CVF} Conference on Computer Vision and Pattern Recognition,
               {CVPR} 2020, Seattle, WA, USA, June 13-19, 2020},
  pages     = {2278--2287},
  year      = {2020},
}

@inproceedings{DBLP:conf/nips/LiuBK17,
  author    = {Ming{-}Yu Liu and
               Thomas M. Breuel and
               Jan Kautz},
  title     = {Unsupervised Image-to-Image Translation Networks},
  booktitle = {Advances in Neural Information Processing Systems 30: Annual Conference
               on Neural Information Processing Systems 2017, December 4-9, 2017,
               Long Beach, CA, {USA}},
  pages     = {700--708},
  year      = {2017},
}

@article{DBLP:journals/corr/abs-1906-06027,
  author    = {Yangming Shi and
               Xiaopo Wu and
               Ming Zhu},
  title     = {Low-light Image Enhancement Algorithm Based on Retinex and Generative
               Adversarial Network},
  journal   = {CoRR},
  volume    = {abs/1906.06027},
  year      = {2019},
}

@inproceedings{DBLP:conf/cvpr/ChenCXK18,
  author    = {Chen Chen and
               Qifeng Chen and
               Jia Xu and
               Vladlen Koltun},
  title     = {Learning to See in the Dark},
  booktitle = {2018 {IEEE} Conference on Computer Vision and Pattern Recognition,
               {CVPR} 2018, Salt Lake City, UT, USA, June 18-22, 2018},
  pages     = {3291--3300},
  year      = {2018},
}

@inproceedings{DBLP:conf/cvpr/GuoLGLHKC20,
  author    = {Chunle Guo and
               Chongyi Li and
               Jichang Guo and
               Chen Change Loy and
               Junhui Hou and
               Sam Kwong and
               Runmin Cong},
  title     = {Zero-Reference Deep Curve Estimation for Low-Light Image Enhancement},
  booktitle = {2020 {IEEE/CVF} Conference on Computer Vision and Pattern Recognition,
               {CVPR} 2020, Seattle, WA, USA, June 13-19, 2020},
  pages     = {1777--1786},
  year      = {2020},
}

@article{DBLP:journals/pami/LiGL22,
  author    = {Chongyi Li and
               Chunle Guo and
               Chen Change Loy},
  title     = {Learning to Enhance Low-Light Image via Zero-Reference Deep Curve
               Estimation},
  journal   = {{IEEE} Trans. Pattern Anal. Mach. Intell.},
  volume    = {44},
  number    = {8},
  pages     = {4225--4238},
  year      = {2022},
}

@article{DBLP:journals/tip/JiangGLCFSYZW21,
  author    = {Yifan Jiang and
               Xinyu Gong and
               Ding Liu and
               Yu Cheng and
               Chen Fang and
               Xiaohui Shen and
               Jianchao Yang and
               Pan Zhou and
               Zhangyang Wang},
  title     = {EnlightenGAN: Deep Light Enhancement Without Paired Supervision},
  journal   = {{IEEE} Trans. Image Process.},
  volume    = {30},
  pages     = {2340--2349},
  year      = {2021},
}

@article{DBLP:journals/corr/abs-2002-11300,
  author    = {Yu Zhang and
               Xiaoguang Di and
               Bin Zhang and
               Chunhui Wang},
  title     = {Self-supervised Image Enhancement Network: Training with Low Light
               Images Only},
  journal   = {CoRR},
  volume    = {abs/2002.11300},
  year      = {2020},
}

% Image Encode 
@article{balle2016end,
  title={End-to-end optimized image compression},
  author={Ball{\'e}, Johannes and Laparra, Valero and Simoncelli, Eero P},
  journal={arXiv preprint arXiv:1611.01704},
  year={2016}
}

@inproceedings{DBLP:conf/pcs/BalleLS16,
  author    = {Johannes Ball{\'{e}} and
               Valero Laparra and
               Eero P. Simoncelli},
  title     = {End-to-end optimization of nonlinear transform codes for perceptual
               quality},
  booktitle = {2016 Picture Coding Symposium, {PCS} 2016, Nuremberg, Germany, December
               4-7, 2016},
  pages     = {1--5},
  year      = {2016},
}

@article{balle2018variational,
  title={Variational image compression with a scale hyperprior},
  author={Ball{\'e}, Johannes and Minnen, David and Singh, Saurabh and Hwang, Sung Jin and Johnston, Nick},
  journal={arXiv preprint arXiv:1802.01436},
  year={2018}
}

@article{toderici2015variable,
  title={Variable rate image compression with recurrent neural networks},
  author={Toderici, George and O'Malley, Sean M and Hwang, Sung Jin and Vincent, Damien and Minnen, David and Baluja, Shumeet and Covell, Michele and Sukthankar, Rahul},
  journal={arXiv preprint arXiv:1511.06085},
  year={2015}
}

@inproceedings{toderici2017full,
  title={Full resolution image compression with recurrent neural networks},
  author={Toderici, George and Vincent, Damien and Johnston, Nick and Jin Hwang, Sung and Minnen, David and Shor, Joel and Covell, Michele},
  booktitle={Proceedings of the IEEE conference on Computer Vision and Pattern Recognition},
  pages={5306--5314},
  year={2017}
}

@article{theis2017lossy,
  title={Lossy image compression with compressive autoencoders},
  author={Theis, Lucas and Shi, Wenzhe and Cunningham, Andrew and Husz{\'a}r, Ferenc},
  journal={arXiv preprint arXiv:1703.00395},
  year={2017}
}

@inproceedings{zhou2019end,
  title={End-to-end Optimized Image Compression with Attention Mechanism.},
  author={Zhou, Lei and Sun, Zhenhong and Wu, Xiangji and Wu, Junmin},
  booktitle={CVPR workshops},
  pages={0},
  year={2019}
}

@inproceedings{liu2018deep,
  title={Deep image compression via end-to-end learning},
  author={Liu, Haojie and Chen, Tong and Shen, Qiu and Yue, Tao and Ma, Zhan},
  booktitle={Proceedings of the IEEE Conference on Computer Vision and Pattern Recognition Workshops},
  pages={2575--2578},
  year={2018}
}

@article{zhao2018multiple,
  title={Multiple description convolutional neural networks for image compression},
  author={Zhao, Lijun and Bai, Huihui and Wang, Anhong and Zhao, Yao},
  journal={IEEE Transactions on Circuits and Systems for Video Technology},
  volume={29},
  number={8},
  pages={2494--2508},
  year={2018},
}

@article{zhao2019learning,
  title={Learning a virtual codec based on deep convolutional neural network to compress image},
  author={Zhao, Lijun and Bai, Huihui and Wang, Anhong and Zhao, Yao},
  journal={Journal of Visual Communication and Image Representation},
  volume={63},
  pages={102589},
  year={2019},
}

@inproceedings{li2018learning,
  title={Learning convolutional networks for content-weighted image compression},
  author={Li, Mu and Zuo, Wangmeng and Gu, Shuhang and Zhao, Debin and Zhang, David},
  booktitle={Proceedings of the IEEE Conference on Computer Vision and Pattern Recognition},
  pages={3214--3223},
  year={2018}
}

@inproceedings{shi2016real,
  title={Real-time single image and video super-resolution using an efficient sub-pixel convolutional neural network},
  author={Shi, Wenzhe and Caballero, Jose and Husz{\'a}r, Ferenc and Totz, Johannes and Aitken, Andrew P and Bishop, Rob and Rueckert, Daniel and Wang, Zehan},
  booktitle={Proceedings of the IEEE conference on computer vision and pattern recognition},
  pages={1874--1883},
  year={2016}
}

@article{agustsson2017soft,
  title={Soft-to-hard vector quantization for end-to-end learning compressible representations},
  author={Agustsson, Eirikur and Mentzer, Fabian and Tschannen, Michael and Cavigelli, Lukas and Timofte, Radu and Benini, Luca and Gool, Luc V},
  journal={Advances in neural information processing systems},
  volume={30},
  year={2017}
}

@article{rissanen1981universal,
  title={Universal modeling and coding},
  author={Rissanen, Jorma and Langdon, Glen},
  journal={IEEE Transactions on Information Theory},
  volume={27},
  number={1},
  pages={12--23},
  year={1981},
}

@article{minnen2018joint,
  title={Joint autoregressive and hierarchical priors for learned image compression},
  author={Minnen, David and Ball{\'e}, Johannes and Toderici, George D},
  journal={Advances in neural information processing systems},
  volume={31},
  year={2018}
}

@article{lee2018context,
  title={Context-adaptive entropy model for end-to-end optimized image compression},
  author={Lee, Jooyoung and Cho, Seunghyun and Beack, Seung-Kwon},
  journal={arXiv preprint arXiv:1809.10452},
  year={2018}
}

@article{oktay2019scalable,
  title={Scalable model compression by entropy penalized reparameterization},
  author={Oktay, Deniz and Ball{\'e}, Johannes and Singh, Saurabh and Shrivastava, Abhinav},
  journal={arXiv preprint arXiv:1906.06624},
  year={2019}
}

@article{chen2019eyeriss,
  title={Eyeriss v2: A flexible accelerator for emerging deep neural networks on mobile devices},
  author={Chen, Yu-Hsin and Yang, Tien-Ju and Emer, Joel and Sze, Vivienne},
  journal={IEEE Journal on Emerging and Selected Topics in Circuits and Systems},
  volume={9},
  number={2},
  pages={292--308},
  year={2019},
}

@inproceedings{he2022elic,
  title={Elic: Efficient learned image compression with unevenly grouped space-channel contextual adaptive coding},
  author={He, Dailan and Yang, Ziming and Peng, Weikun and Ma, Rui and Qin, Hongwei and Wang, Yan},
  booktitle={Proceedings of the IEEE/CVF Conference on Computer Vision and Pattern Recognition},
  pages={5718--5727},
  year={2022}
}

@inproceedings{he2022po,
  title={PO-ELIC: Perception-Oriented Efficient Learned Image Coding},
  author={He, Dailan and Yang, Ziming and Yu, Hongjiu and Xu, Tongda and Luo, Jixiang and Chen, Yuan and Gao, Chenjian and Shi, Xinjie and Qin, Hongwei and Wang, Yan},
  booktitle={Proceedings of the IEEE/CVF Conference on Computer Vision and Pattern Recognition},
  pages={1764--1769},
  year={2022}
}

@article{mentzer2020high,
  title={High-fidelity generative image compression},
  author={Mentzer, Fabian and Toderici, George D and Tschannen, Michael and Agustsson, Eirikur},
  journal={Advances in Neural Information Processing Systems},
  volume={33},
  pages={11913--11924},
  year={2020}
}

% Image Restoration

@article{DBLP:journals/cvgip/IraniP91,
  author    = {Michal Irani and
               Shmuel Peleg},
  title     = {Improving resolution by image registration},
  journal   = {{CVGIP} Graph. Model. Image Process.},
  volume    = {53},
  number    = {3},
  pages     = {231--239},
  year      = {1991},
}

@inproceedings{DBLP:conf/iccvw/YoonJYLK15,
  author    = {Youngjin Yoon and
               Hae{-}Gon Jeon and
               Donggeun Yoo and
               Joon{-}Young Lee and
               In So Kweon},
  title     = {Learning a Deep Convolutional Network for Light-Field Image Super-Resolution},
  booktitle = {2015 {IEEE} International Conference on Computer Vision Workshop,
               {ICCV} Workshops 2015, Santiago, Chile, December 7-13, 2015},
  pages     = {57--65},
  year      = {2015},
}

@inproceedings{DBLP:conf/cvpr/LedigTHCCAATTWS17,
  author    = {Christian Ledig and
               Lucas Theis and
               Ferenc Huszar and
               Jose Caballero and
               Andrew Cunningham and
               Alejandro Acosta and
               Andrew P. Aitken and
               Alykhan Tejani and
               Johannes Totz and
               Zehan Wang and
               Wenzhe Shi},
  title     = {Photo-Realistic Single Image Super-Resolution Using a Generative Adversarial
               Network},
  booktitle = {2017 {IEEE} Conference on Computer Vision and Pattern Recognition,
               {CVPR} 2017, Honolulu, HI, USA, July 21-26, 2017},
  pages     = {105--114},
  year      = {2017},
}

@inproceedings{DBLP:conf/cvpr/YangYFLG20,
  author    = {Fuzhi Yang and
               Huan Yang and
               Jianlong Fu and
               Hongtao Lu and
               Baining Guo},
  title     = {Learning Texture Transformer Network for Image Super-Resolution},
  booktitle = {2020 {IEEE/CVF} Conference on Computer Vision and Pattern Recognition,
               {CVPR} 2020, Seattle, WA, USA, June 13-19, 2020},
  pages     = {5790--5799},
  year      = {2020},
}

@inproceedings{DBLP:conf/cvpr/GuD21,
  author    = {Jinjin Gu and
               Chao Dong},
  title     = {Interpreting Super-Resolution Networks With Local Attribution Maps},
  booktitle = {{IEEE} Conference on Computer Vision and Pattern Recognition, {CVPR}
               2021, virtual, June 19-25, 2021},
  pages     = {9199--9208},
  year      = {2021},
}

@article{DBLP:journals/corr/abs-2205-04437,
  author    = {Xiangyu Chen and
               Xintao Wang and
               Jiantao Zhou and
               Chao Dong},
  title     = {Activating More Pixels in Image Super-Resolution Transformer},
  journal   = {CoRR},
  volume    = {abs/2205.04437},
  year      = {2022},
}

@inproceedings{DBLP:conf/bmvc/BevilacquaRGA12,
  author    = {Marco Bevilacqua and
               Aline Roumy and
               Christine Guillemot and
               Marie{-}Line Alberi{-}Morel},
  title     = {Low-Complexity Single-Image Super-Resolution based on Nonnegative
               Neighbor Embedding},
  booktitle = {British Machine Vision Conference, {BMVC} 2012, Surrey, UK, September
               3-7, 2012},
  pages     = {1--10},
  year      = {2012},
}

@inproceedings{DBLP:conf/cas/ZeydeEP10,
  author    = {Roman Zeyde and
               Michael Elad and
               Matan Protter},
  title     = {On Single Image Scale-Up Using Sparse-Representations},
  booktitle = {Curves and Surfaces - 7th International Conference, Avignon, France,
               June 24-30, 2010, Revised Selected Papers},
  series    = {Lecture Notes in Computer Science},
  volume    = {6920},
  pages     = {711--730},
  year      = {2010},
}

@inproceedings{DBLP:conf/iccv/MartinFTM01,
  author    = {David R. Martin and
               Charless C. Fowlkes and
               Doron Tal and
               Jitendra Malik},
  title     = {A Database of Human Segmented Natural Images and its Application to
               Evaluating Segmentation Algorithms and Measuring Ecological Statistics},
  booktitle = {Proceedings of the Eighth International Conference On Computer Vision
               (ICCV-01), Vancouver, British Columbia, Canada, July 7-14, 2001 -
               Volume 2},
  pages     = {416--425},
  year      = {2001},
}

@inproceedings{DBLP:conf/cvpr/HuangSA15,
  author    = {Jia{-}Bin Huang and
               Abhishek Singh and
               Narendra Ahuja},
  title     = {Single image super-resolution from transformed self-exemplars},
  booktitle = {{IEEE} Conference on Computer Vision and Pattern Recognition, {CVPR}
               2015, Boston, MA, USA, June 7-12, 2015},
  pages     = {5197--5206},
  year      = {2015},
}

@article{DBLP:journals/mta/MatsuiIAFOYA17,
  author    = {Yusuke Matsui and
               Kota Ito and
               Yuji Aramaki and
               Azuma Fujimoto and
               Toru Ogawa and
               Toshihiko Yamasaki and
               Kiyoharu Aizawa},
  title     = {Sketch-based manga retrieval using manga109 dataset},
  journal   = {Multim. Tools Appl.},
  volume    = {76},
  number    = {20},
  pages     = {21811--21838},
  year      = {2017},
}

@inproceedings{DBLP:conf/cvpr/LimSKNL17,
  author    = {Bee Lim and
               Sanghyun Son and
               Heewon Kim and
               Seungjun Nah and
               Kyoung Mu Lee},
  title     = {Enhanced Deep Residual Networks for Single Image Super-Resolution},
  booktitle = {2017 {IEEE} Conference on Computer Vision and Pattern Recognition
               Workshops, {CVPR} Workshops 2017, Honolulu, HI, USA, July 21-26, 2017},
  pages     = {1132--1140},
  year      = {2017},
}

@article{DBLP:journals/corr/abs-2201-11279,
  author    = {Zudi Lin and
               Prateek Garg and
               Atmadeep Banerjee and
               Salma Abdel Magid and
               Deqing Sun and
               Yulun Zhang and
               Luc Van Gool and
               Donglai Wei and
               Hanspeter Pfister},
  title     = {Revisiting {RCAN:} Improved Training for Image Super-Resolution},
  journal   = {CoRR},
  volume    = {abs/2201.11279},
  year      = {2022},
}

@inproceedings{DBLP:conf/cvpr/DaiCZXZ19,
  author    = {Tao Dai and
               Jianrui Cai and
               Yongbing Zhang and
               Shu{-}Tao Xia and
               Lei Zhang},
  title     = {Second-Order Attention Network for Single Image Super-Resolution},
  booktitle = {{IEEE} Conference on Computer Vision and Pattern Recognition, {CVPR}
               2019, Long Beach, CA, USA, June 16-20, 2019},
  pages     = {11065--11074},
  year      = {2019},
}

@inproceedings{niu2020single,
  title={Single image super-resolution via a holistic attention network},
  author={Niu, Ben and Wen, Weilei and Ren, Wenqi and Zhang, Xiangde and Yang, Lianping and Wang, Shuzhen and Zhang, Kaihao and Cao, Xiaochun and Shen, Haifeng},
  booktitle={European conference on computer vision},
  pages={191--207},
  year={2020},
}

@inproceedings{mei2021image,
  title={Image super-resolution with non-local sparse attention},
  author={Mei, Yiqun and Fan, Yuchen and Zhou, Yuqian},
  booktitle={Proceedings of the IEEE/CVF Conference on Computer Vision and Pattern Recognition},
  pages={3517--3526},
  year={2021}
}

@article{DBLP:journals/corr/abs-2201-11279,
  author    = {Zudi Lin and
               Prateek Garg and
               Atmadeep Banerjee and
               Salma Abdel Magid and
               Deqing Sun and
               Yulun Zhang and
               Luc Van Gool and
               Donglai Wei and
               Hanspeter Pfister},
  title     = {Revisiting {RCAN:} Improved Training for Image Super-Resolution},
  journal   = {CoRR},
  volume    = {abs/2201.11279},
  year      = {2022},
}

@inproceedings{DBLP:conf/iccvw/LiangCSZGT21,
  author    = {Jingyun Liang and
               Jiezhang Cao and
               Guolei Sun and
               Kai Zhang and
               Luc Van Gool and
               Radu Timofte},
  title     = {SwinIR: Image Restoration Using Swin Transformer},
  booktitle = {{IEEE/CVF} International Conference on Computer Vision Workshops,
               {ICCVW} 2021, Montreal, BC, Canada, October 11-17, 2021},
  pages     = {1833--1844},
  year      = {2021},
}

@article{DBLP:journals/corr/abs-2112-10175,
  author    = {Wenbo Li and
               Xin Lu and
               Jiangbo Lu and
               Xiangyu Zhang and
               Jiaya Jia},
  title     = {On Efficient Transformer and Image Pre-training for Low-level Vision},
  journal   = {CoRR},
  volume    = {abs/2112.10175},
  year      = {2021},
}

@inproceedings{DBLP:conf/cvpr/Chen000DLMX0021,
  author    = {Hanting Chen and
               Yunhe Wang and
               Tianyu Guo and
               Chang Xu and
               Yiping Deng and
               Zhenhua Liu and
               Siwei Ma and
               Chunjing Xu and
               Chao Xu and
               Wen Gao},
  title     = {Pre-Trained Image Processing Transformer},
  booktitle = {{IEEE} Conference on Computer Vision and Pattern Recognition, {CVPR}
               2021, virtual, June 19-25, 2021},
  pages     = {12299--12310},
  year      = {2021},
}

@inproceedings{DBLP:conf/iccvw/WangXDS21,
  author    = {Xintao Wang and
               Liangbin Xie and
               Chao Dong and
               Ying Shan},
  title     = {Real-ESRGAN: Training Real-World Blind Super-Resolution with Pure
               Synthetic Data},
  booktitle = {{IEEE/CVF} International Conference on Computer Vision Workshops,
               {ICCVW} 2021, Montreal, BC, Canada, October 11-17, 2021},
  pages     = {1905--1914},
  year      = {2021},
}

% Image Analysis

@inproceedings{DBLP:conf/cvpr/ChengMSKG22,
  author    = {Bowen Cheng and
               Ishan Misra and
               Alexander G. Schwing and
               Alexander Kirillov and
               Rohit Girdhar},
  title     = {Masked-attention Mask Transformer for Universal Image Segmentation},
  booktitle = {{IEEE/CVF} Conference on Computer Vision and Pattern Recognition,
               {CVPR} 2022, New Orleans, LA, USA, June 18-24, 2022},
  pages     = {1280--1289},
  year      = {2022},
}

@article{zhou2020cross,
  title={Cross-scale internal graph neural network for image super-resolution},
  author={Zhou, Shangchen and Zhang, Jiawei and Zuo, Wangmeng and Loy, Chen Change},
  journal={Advances in neural information processing systems},
  volume={33},
  pages={3499--3509},
  year={2020}
}

@article{zhang2021k,
  title={K-net: Towards unified image segmentation},
  author={Zhang, Wenwei and Pang, Jiangmiao and Chen, Kai and Loy, Chen Change},
  journal={Advances in Neural Information Processing Systems},
  volume={34},
  pages={10326--10338},
  year={2021}
}

@inproceedings{li2022video,
  title={Video k-net: A simple, strong, and unified baseline for video segmentation},
  author={Li, Xiangtai and Zhang, Wenwei and Pang, Jiangmiao and Chen, Kai and Cheng, Guangliang and Tong, Yunhai and Loy, Chen Change},
  booktitle={Proceedings of the IEEE/CVF Conference on Computer Vision and Pattern Recognition},
  pages={18847--18857},
  year={2022}
}